[gd_scene load_steps=12 format=2]

[ext_resource path="res://Scripts/Player.gd" type="Script" id=1]
[ext_resource path="res://Assets/kenney_platformercharacters/PNG/Zombie/Poses/zombie_slide.png" type="Texture" id=2]
[ext_resource path="res://Assets/kenney_platformercharacters/PNG/Zombie/Poses/zombie_walk2.png" type="Texture" id=3]
[ext_resource path="res://Assets/kenney_platformercharacters/PNG/Zombie/Poses/zombie_walk1.png" type="Texture" id=4]
[ext_resource path="res://Assets/kenney_platformercharacters/PNG/Zombie/Poses/zombie_cheer1_shield.png" type="Texture" id=5]
[ext_resource path="res://Assets/kenney_platformercharacters/PNG/Zombie/Poses/zombie_walk2_shield.png" type="Texture" id=6]
[ext_resource path="res://Assets/kenney_platformercharacters/PNG/Zombie/Poses/zombie_walk1_shield.png" type="Texture" id=7]
[ext_resource path="res://Assets/kenney_platformercharacters/PNG/Zombie/Poses/zombie_idle.png" type="Texture" id=8]

[sub_resource type="SpriteFrames" id=1]
animations = [ {
"frames": [ ExtResource( 2 ) ],
"loop": false,
"name": "Death",
"speed": 5.0
}, {
"frames": [ ExtResource( 3 ), ExtResource( 4 ) ],
"loop": true,
"name": "Walk",
"speed": 5.0
}, {
"frames": [ ExtResource( 5 ) ],
"loop": true,
"name": "Shield",
"speed": 3.0
}, {
"frames": [ ExtResource( 6 ), ExtResource( 7 ) ],
"loop": true,
"name": "WShield",
"speed": 5.0
}, {
"frames": [ ExtResource( 8 ) ],
"loop": false,
"name": "Idle",
"speed": 5.0
} ]

[sub_resource type="CapsuleShape2D" id=4]
radius = 24.688
height = 40.578

[sub_resource type="CircleShape2D" id=3]
radius = 69.8572

[node name="Player" type="KinematicBody2D"]
script = ExtResource( 1 )

[node name="Sprite" type="AnimatedSprite" parent="."]
position = Vector2( 0, 1.00981 )
frames = SubResource( 1 )
animation = "Idle"

[node name="CollisionShape2D" type="CollisionShape2D" parent="."]
position = Vector2( 0.335404, 12.5033 )
shape = SubResource( 4 )

[node name="Area" type="Area2D" parent="."]

[node name="ObtainArea" type="CollisionShape2D" parent="Area"]
position = Vector2( 0.335404, 12.5033 )
shape = SubResource( 4 )

[node name="Shield" type="Area2D" parent="."]
visible = false

[node name="ShieldCollision" type="CollisionShape2D" parent="Shield"]
position = Vector2( 7.48038e-006, 10.7602 )
rotation = -3.14159
scale = Vector2( 0.813987, -0.705505 )
shape = SubResource( 3 )
disabled = true
[connection signal="body_entered" from="Area" to="." method="obtain"]
