[gd_scene load_steps=16 format=2]

[ext_resource path="res://Scripts/Shot.gd" type="Script" id=1]
[ext_resource path="res://Assets/craftpix-991101-free-pixel-art-enemy-spaceship-2d-sprites/PNG_Animations/Shots/Shot6/shot6_2.png" type="Texture" id=2]
[ext_resource path="res://Assets/craftpix-991101-free-pixel-art-enemy-spaceship-2d-sprites/PNG_Animations/Shots/Shot6/shot6_3.png" type="Texture" id=3]
[ext_resource path="res://Assets/craftpix-991101-free-pixel-art-enemy-spaceship-2d-sprites/PNG_Animations/Shots/Shot6/shot6_exp1.png" type="Texture" id=4]
[ext_resource path="res://Assets/craftpix-991101-free-pixel-art-enemy-spaceship-2d-sprites/PNG_Animations/Shots/Shot6/shot6_exp2.png" type="Texture" id=5]
[ext_resource path="res://Assets/craftpix-991101-free-pixel-art-enemy-spaceship-2d-sprites/PNG_Animations/Shots/Shot6/shot6_exp3.png" type="Texture" id=6]
[ext_resource path="res://Assets/craftpix-991101-free-pixel-art-enemy-spaceship-2d-sprites/PNG_Animations/Shots/Shot6/shot6_exp4.png" type="Texture" id=7]
[ext_resource path="res://Assets/craftpix-991101-free-pixel-art-enemy-spaceship-2d-sprites/PNG_Animations/Shots/Shot6/shot6_exp5.png" type="Texture" id=8]
[ext_resource path="res://Assets/craftpix-991101-free-pixel-art-enemy-spaceship-2d-sprites/PNG_Animations/Shots/Shot6/shot6_exp6.png" type="Texture" id=9]
[ext_resource path="res://Assets/craftpix-991101-free-pixel-art-enemy-spaceship-2d-sprites/PNG_Animations/Shots/Shot6/shot6_exp7.png" type="Texture" id=10]
[ext_resource path="res://Assets/craftpix-991101-free-pixel-art-enemy-spaceship-2d-sprites/PNG_Animations/Shots/Shot6/shot6_exp8.png" type="Texture" id=11]
[ext_resource path="res://Assets/craftpix-991101-free-pixel-art-enemy-spaceship-2d-sprites/PNG_Animations/Shots/Shot6/shot6_exp9.png" type="Texture" id=12]
[ext_resource path="res://Assets/craftpix-991101-free-pixel-art-enemy-spaceship-2d-sprites/PNG_Animations/Shots/Shot6/shot6_exp10.png" type="Texture" id=13]

[sub_resource type="SpriteFrames" id=1]
animations = [ {
"frames": [ ExtResource( 2 ), ExtResource( 3 ) ],
"loop": true,
"name": "Shot",
"speed": 3.0
}, {
"frames": [ ExtResource( 4 ), ExtResource( 5 ), ExtResource( 6 ), ExtResource( 7 ), ExtResource( 8 ), ExtResource( 9 ), ExtResource( 10 ), ExtResource( 11 ), ExtResource( 12 ), ExtResource( 13 ) ],
"loop": false,
"name": "Explode",
"speed": 30.0
} ]

[sub_resource type="RectangleShape2D" id=2]
extents = Vector2( 7.08336, 10 )

[node name="Shot" type="RigidBody2D"]
script = ExtResource( 1 )

[node name="Sprite" type="AnimatedSprite" parent="."]
position = Vector2( -0.63615, -12.8083 )
rotation = 1.5708
scale = Vector2( 2, 2 )
frames = SubResource( 1 )
animation = "Shot"

[node name="CollisionShape2D" type="CollisionShape2D" parent="."]
position = Vector2( 4.00276, -14.2928 )
shape = SubResource( 2 )
[connection signal="animation_finished" from="Sprite" to="." method="play_next"]
